
@article{Turing,
    author = {A. M. Turing},
    title = {Computing Machinery and Intelligence},
    journal = {Mind},
    volume = {LIX},
    number = {236},
    pages = {433-460},
    year = {1950}
}

@book{Bostrom,
    title={Superintelligence},
    author={Nick Bostrom},
    publisher={Oxford University Press},
    year={2016},
    page={216}
}